1772 3236
799 219 1091 263 ——20-

264 328 422 392 ‹iym'v
448 346 543 381 τις
579 328 756 378 τοῦδε
782 327 1170 388 τοῦλόγουὲ“
1229 330 1435 387 corrigit
1476 337 1632 377 autem

260 411 337 456 vir
363 409 743 469 incomparabilis
770 409 906 455 illum
944 423 1135 454 versum
1168 406 1261 451 itax

438 489 560 550 πρὸς
588 486 717 537 τόνδ’
747 488 810 536 ἂν
837 485 967 548 α”γών
993 486 1114 547 τᾶρα
1142 486 1276 534 τοῦδε
1303 487 1388 534 τοῦ
1427 483 1571 548 λόγου

261 571 315 614 in
344 585 438 629 quo
467 567 586 626 τᾶρα
608 567 831 612 variantis
856 567 1114 626 scripturae
1136 565 1475 628 contemplatiO,
1501 560 1634 623 α”γῶν

263 657 422 693 autem
448 655 504 691 ut
531 662 607 691 res
636 648 754 707 ipsa,
782 647 850 691 ita
876 648 991 692 illud
1012 648 1171 700 etiam,
1200 648 1324 706 quod
1346 644 1478 708 α’γῶν
1495 658 1635 707 saepe

263 726 375 790 alibi
414 727 465 771 in
502 710 688 785 tragicis
729 727 1024 781 obliteratum
1055 734 1148 776 est,
1192 726 1258 785 (v.
1287 727 1548 772 matthiam
1573 723 1637 772 aa

262 809 383 853 Eur.
412 807 653 853 Phoeniae.
683 822 729 850 v,
759 804 879 862 588.)
910 821 1051 866 supra
1075 804 1414 850 dubitationem
1432 811 1633 864 ponunt.

265 888 451 933 Verum
481 902 569 946 pro
599 884 718 945 πρός
755 881 886 933 τόνδ’
925 882 1017 942 ἄν,
1077 900 1225 944 quum
1251 879 1381 933 τόνδ’
1411 899 1438 927 e
1468 898 1637 927 conse-

264 966 425 1025 quenti
464 964 599 1012 τοῦδε
644 965 759 1010 oriri
810 966 949 1011 facile
996 966 1204 1025 potuerit
1224 998 1240 1022 ,
1298 963 1417 1023 πρὸς
1440 963 1636 1018 τοῦτον,

265 1033 397 1105 cujtis
426 1045 479 1090 in
510 1045 622 1091 Cdo.
651 1047 808 1105 aiiqua
837 1044 1011 1090 residet
1039 1044 1227 1106 species,
1255 1043 1638 1088 scribere-lenius

264 1126 399 1171 duco.
457 1125 603 1178 ,Vitio
644 1134 795 1180 caret,
838 1127 879 1171 si
917 1133 1044 1170 recte
1084 1124 1265 1184 singula
1292 1132 1467 1179 struas,
1518 1125 1638 1170 Luc.

264 1207 486 1251 Hei-mot.
526 1220 565 1248 c-
609 1206 653 1250 5.
703 1204 1038 1264 εὐδαιμονοῦσι
1089 1201 1442 1264 θαυμάσιόν
1492 1220 1637 1251 τινα

266 1286 409 1343 βίον
449 1284 554 1330 τόν
603 1285 823 1330 λοιπόν
871 1284 1112 1342 βιοῦντες,
1171 1283 1271 1331 οἷον
1324 1281 1640 1343 μύρμηκας

264 1360 363 1409 οἶπό
394 1362 479 1409 τοῦ
516 1359 676 1421 ὕψους·
702 1363 1066 1415 ἐπισκοποῦντές
1104 1380 1278 1414 τινας
1304 1361 1425 1413 ,τούς
1451 1360 1637 1413 ἄλλους.

265 1442 446 1486 Co'ntra
466 1442 584 1488 Luc.
604 1442 834 1486 Macrobii
864 1459 905 1487 c.
931 1459 970 1487 1.
1007 1441 1158 1504 ’Ὀναρ
1188 1461 1246 1489 τι
1275 1443 1483 1496 τοῦτο,
1514 1442 1641 1501 λαμ-

266 1514 778 1581 πρότατεἾῖυΐντιλλε,
809 1524 1077 1575 κελευσθεὶς
1104 1523 1336 1583 προςφὲρω
1373 1539 1448 1569 σοι
1476 1521 1642 1582 δῶρονρ

266 1601 405 1645 valde
437 1601 630 1645 offendit
664 1604 948 1658 Gesner-um,
970 1603 1056 1661 qui
1082 1618 1170 1663 pro
1210 1600 1326 1662 ὄναρ
1356 1619 1404 1647 τι
1442 1601 1641 1660 conjecit

268 1676 580 1740 ὀνείρατι,
611 1697 776 1740 meque
805 1690 908 1726 tum
939 1682 1128 1727 demum
1157 1681 1331 1727 mirum
1359 1681 1528 1725 habere
1555 1680 1667 1731 (ie--

261 1759 416 1813 sinet,
459 1760 541 1805 ubi
571 1758 689 1820 ὄναρ
720 1779 766 1807 τι
793 1762 849 1806 ab
880 1770 1092 1807 veterum
1132 1777 1224 1806 usu
1250 1777 1349 1806 non
1377 1761 1640 1819 sejunctum

270 1856 386 1895 esse,
416 1856 514 1884 non
544 1841 794 1885 verborum
822 1841 1069 1897 inanitate,
1100 1858 1191 1901 qua
1219 1857 1331 1885 usus
1361 1849 1430 1885 est
1458 1842 1641 1885 Abres-

268 1919 402 1964 chius
431 1919 564 1964 Lect.
594 1920 831 1964 Aristaen.
862 1937 909 1980 p.
931 1922 1040 1982 5500.
1054 1955 1071 1976 ,
1096 1921 1176 1965 sed
1217 1919 1443 1980 exemplis
1484 1920 1639 1964 mani-

265 1998 400 2045 festis
432 1999 621 2043 edoctus
650 1999 799 2043 fuero.
825 2001 1019 2044 Interim
1039 2001 1307 2058 conjectem0
1336 2014 1489 2054 sensu,
1516 2016 1640 2057 reor,

270 2077 505 2138 propitio:
550 2075 703 2136 ’Όναρ
732 2096 790 2125 τι
848 2097 877 2125 τ
895 2096 919 2124 ο
944 2097 961 2124 ι
980 2095 1005 2124 ο
1027 2080 1056 2124 ὗ
1072 2097 1101 2125 τ
1120 2096 1168 2125 ο.
1225 2079 1414 2124 Etenim
1447 2087 1529 2135 est,
1559 2079 1641 2125 ubi

271 2157 398 2204 inter
428 2157 476 2202 τὶ
503 2157 638 2203 τοῦτο
670 2165 716 2202 et
744 2159 792 2205 τὶ
818 2157 999 2205 τοιοῦτο
1032 2159 1267 2212 varietur,
1312 2167 1366 2203 ut
1395 2160 1640 2223 Demosth.

273 2236 477 2297 Olynth.
519 2237 587 2290 ΙΙ,
634 2238 711 2292 14,
749 2238 791 2282 4.
838 2240 1038 2284 Bekker.
1109 2239 1184 2282 De
1213 2238 1355 2298 Soph.
1388 2239 1505 2283 Oed.
1538 2241 1639 2287 Col.

271 2332 319 2361 v.
362 2331 466 2377 290.
506 2312 625 2362 ὅταν
664 2312 705 2362 δ’
736 2315 765 2363 0‘
811 2316 1012 2378 κύριος
1053 2317 1180 2380 παρῇ
1220 2334 1333 2372 τις,
1380 2319 1639 2379 plausibilis

273 2396 501 2441 medieina
530 2396 749 2454 cogitanti
778 2398 897 2441 mihi
924 2413 1023 2441 non
1052 2397 1281 2455 subvenit3
1310 2398 1390 2442 sed
1419 2415 1480 2444 ne
1508 2401 1640 2444 nulla

274 2475 466 2520 omnino
501 2491 618 2536 opus
648 2476 728 2531 sit,
772 2492 941 2536 parum
973 2477 1152 2521 vereor.

393 2555 638 2601 Somnium
671 2572 709 2600 c.
747 2557 814 2602 16.
845 2557 924 2604 καί
941 2575 989 2603 τι
1018 2558 1097 2604 καὶ
1124 2555 1421 2620 ὑπέμνησεν,
1450 2555 1526 2604 οἷα
1552 2577 1639 2620 μι-

272 2632 389 2693 κροῦ
419 2632 517 2681 δεῖν
544 2637 649 2696 περὶ
692 2637 810 2697 ἐμοῦ
837 2635 1160 2698 ἐβουλεύσατο.
1225 2631 1498 2698 Legendu'm
1537 2656 1637 2686 esse

269 2712 420 2760 edixit
472 2714 858 2764 Hemsterhusiue
884 2718 968 2767 καί
993 2735 1084 2767 τοι
1128 2717 1236 2768 nai.-
1264 2731 1432 2777 magno
1463 2733 1634 2777 errore,
