1772 3236
734 143 1024 206 „33-

202 291 249 322 v.
283 276 409 320 1056.
449 268 553 318 ὥστ’
592 269 880 332 ω’νομοὲσθης
917 276 969 319 ἐκ
1009 271 1154 332 τύχης
1187 271 1382 329 ταύτης,
1426 271 1478 322 ὃς
1508 272 1564 317 εἴ.

200 352 480 412 Saepissime
512 351 699 395 Latinis
742 354 821 403 hic
854 354 931 398 vel
961 354 1002 398 is
1029 367 1116 410 pro
1149 350 1265 396 talis
1293 358 1340 394 et
1369 351 1449 411 qui
1482 365 1569 408 pro

203 433 366 494 qualis
385 440 662 491 usurpatur,
691 440 745 475 ut
765 432 907 477 etiam
935 431 1068 475 nobis
1101 429 1348 476 Germanis
1377 429 1577 475 welclzer

201 527 303 555 non
316 528 424 555 raro
436 520 506 554 est
526 528 627 556 was
636 511 731 569 fiir
741 513 885 558 einer.
930 512 1186 556 Enimvero
1208 510 1265 555 ad
1286 507 1480 553 eandem
1502 506 1578 550 di-

202 590 336 634 cendi
355 604 574 636 normam
595 590 714 634 alius
726 590 929 634 Luciani
948 592 1089 646 locus,
1110 591 1223 635 dum
1242 591 1475 635 incassum
1496 602 1579 631 re-

201 672 475 723 luctaretur,
497 670 809 731 detortusvest,
847 669 1129 714 Harmonid.
1152 685 1191 711 c.
1207 670 1249 714 5.
1274 668 1388 716 οὕτω
1412 669 1462 715 δὲ
1485 665 1577 726 ἄρα

208 751 268 798 σύ
292 752 489 811 ἔμελλες
503 747 621 808 η’μῐν
631 748 957 809 φαίνεσθαιτῷ
988 747 1150 810 δικαίῳ
1180 745 1401 810 λόγῳ,ὄτι
1415 764 1501 806 περ
1521 745 1577 793 τό

203 827 488 889 κεφάλαιον,
525 824 691 886 α’ρετῆς
721 823 908 886 οἷποέσης
938 823 966 873 0‘
995 830 1224 887 γνώμων,
1260 828 1397 888 φασὶ,
1439 824 1579 874 καὶὸ

204 905 356 968 ὀρθός
385 906 545 954 κανών
575 908 669 953 τῶν
699 905 938 955 τοιούτων.
970 907 1410 967 ReposuitJensias,
1440 907 1580 952 Sola-

204 1006 293 1034 nus
326 996 371 1031 et
392 986 636 1046 *sequiores
668 983 842 1037 οὗτος
874 998 963 1046 pro
989 984 1139 1041 οὕτω,
1175 1003 1321 1045 quum
1343 988 1433 1029 hoc
1462 1000 1581 1029 con-

204 1066 445 1126 signatum
474 1073 594 1109 esset
622 1064 674 1109 in
704 1067 935 1128 Longolii
965 1067 1231 1120 collatione,
1275 1066 1407 1124 cujus
1438 1079 1581 1124 quam

212 1146 447 1204 sitexigua
492 1145 634 1202 fides,
667 1144 784 1188 nihil
815 1146 873 1188 ad
909 1161 1023 1201 nos,
1053 1155 1134 1198 aut
1161 1146 1203 1190 si
1233 1146 1293 1189 ad
1321 1161 1431 1203 nos,
1460 1145 1581 1189 nihil

209 1227 268 1270 ad
297 1227 388 1271 hoc
420 1234 603 1285 tempus
612 1260 627 1279 ,
666 1241 720 1269 eo
750 1225 822 1269 illi
853 1227 1024 1271 eximie
1059 1227 1336 1271 confirmati.
1399 1227 1580 1277 Alium,

208 1305 289 1349 sed
339 1320 439 1347 non
496 1305 649 1348 levem
702 1320 911 1348 errorem
954 1306 1191 1354 Graevius
1239 1306 1466 1350 incurrit:
1521 1319 1582 1348 ne

211 1386 389 1441 multa,
444 1384 602 1428 cuncti
642 1386 950 1441 explicatores
997 1384 1053 1428 de
1104 1386 1232 1429 rect&
1278 1385 1460 1429 consilii
1503 1385 1582 1428 via

210 1465 345 1509 varie
385 1464 692 1511 declinarunt.
776 1466 1008 1510 Pusillum
1057 1481 1239 1510 comma
1283 1474 1338 1510 ut
1373 1464 1585 1510 additum

212 1544 542 1601 labefactavit,
586 1545 654 1589 ita
692 1545 891 1602 ejectum
927 1545 1139 1590 restituet
1166 1562 1293 1590 rem:
1337 1545 1587 1590 cohaerent

215 1625 345 1668 enim
386 1621 456 1670 ὅτι
504 1640 592 1684 περ
639 1624 694 1670 τό
740 1623 997 1684 κεφάλαιον
1034 1622 1200 1685 α’ρετῆς
1243 1622 1427 1684 οἶποῖοης
1469 1625 1502 1668 i·
1543 1641 1585 1668 e·

198 1705 300 1766 flos
330 1712 376 1750 et
404 1703 547 1749 robur
577 1707 782 1750 omnium
820 1708 1060 1760 virtutum,
1092 1721 1199 1759 seu,
1237 1708 1384 1759 omnis
1410 1705 1584 1765 probi—

213 1784 330 1830 tatis
368 1801 615 1843 expressae
662 1786 911 1844 imagines.
990 1786 1058 1828 Ita
1108 1801 1301 1843 prorsus
1343 1785 1583 1843 componit

209 1864 498 1909 Hermotim.
529 1878 567 1907 c.
601 1862 671 1918 76.
710 1860 937 1922 γνώμονα
978 1866 1058 1911 καὶ
1096 1862 1292 1912 κανόνα.
1361 1865 1586 1910 Similiter

211 1943 431 2001 Thucyd.
460 1943 498 1998 I,
534 1944 627 1989 158.
670 1947 764 1989 τῶν
795 1944 1082 2002 παραχρῆμα
1111 1941 1169 1989 δι’
1199 1944 1443 2005 ἐλαχίστης
1471 1947 1589 2004 βου-τ

214 2024 300 2080 λῆς
328 2019 572 2080 κράτιστος
602 2019 816 2080 γνώμων.
874 2023 981 2065 Hoc
1005 2038 1157 2080 nuper
1187 2038 1248 2066 ex
1281 2033 1415 2081 parte
1445 2041 1588 2070 occu-

212 2110 380 2163 patum
411 2100 510 2145 vidi
540 2115 567 2142 a
591 2099 848 2159 Sclzaefero
882 2102 939 2145 ad
972 2102 1115 2146 Dion.
1142 2103 1252 2147 Hal.
1274 2119 1318 2162 p.
1355 2103 1449 2148 144.
1485 2106 1584 2153 145.

214 2182 376 2228 Etiam
408 2179 692 2239 Sclzaeferus
721 2181 874 2225 evolvi
902 2183 1033 2240 jubet
1065 2185 1319 2229 Kasterum
1348 2184 1405 2227 ad
1436 2185 1588 2232 Arist.

214 2261 468 2309 Ecclesiaz.
499 2276 542 2305 v.
575 2260 671 2314 55„
717 2276 856 2318 quem
889 2264 946 2310 V
941 2264 1265 2309 alchenaerias
1300 2264 1496 2311 laudans
1526 2268 1589 2311 ad

216 2342 395 2387 Herod.
431 2357 475 2401 p.
504 2340 609 2392 650,
644 2354 712 2383 12.
745 2343 999 2400 paululum
1036 2343 1223 2388 diversa
1252 2347 1462 2399 miscuit,
1504 2347 1586 2390 in-

219 2423 337 2480 quit,
367 2421 446 2466 sed
465 2419 525 2463 ad
550 2419 965 2477 Theocrit.VII,4.
997 2423 1042 2468 εἴ
1066 2422 1114 2468 τί
1133 2439 1219 2484 περ
1241 2424 1421 2471 ἐσθλόν
1434 2427 1585 2473 Χαῶν

218 2500 314 2562 τῶν
341 2499 609 2548 ἓποένωθεν.
648 2502 842 2562 egregia
878 2502 1024 2547 dedit.
1085 2501 1212 2547 Vere
1241 2512 1496 2564 utrumque
1515 2506 1590 2551 di..

215 2582 317 2635 xit,
360 2588 416 2623 ut
442 2582 701 2625 conferenti
731 2582 920 2640 patebit.
981 2583 1100 2627 Illud
1139 2585 1250 2628 satis
1292 2584 1454 2633 mirari
1495 2602 1586 2629 ne·-

212 2659 475 2722 quivimus,
515 2662 637 2719 quod
668 2664 1078 2722 Hemsterlzusias‚
1130 2680 1277 2725 quum
1308 2663 1476 2727 (191113
1507 2666 1584 2709 di-

1728 2594 1739 2617 4
