1772 3236
262 308 469 353 mnium.-
515 319 629 347 nam
661 301 970 362 longissimae
1005 308 1113 346 eunt
1144 311 1314 345 noctem
1376 301 1499 349 Cum
1539 316 1633 359 quo

261 383 349 426 etsi
378 395 462 440 ego
503 381 701 426 minime
731 381 977 435 dissentiO,
1016 394 1116 424 non
1144 376 1329 439 aperuit
1370 386 1530 423 tamen
1558 380 1640 426 illa

262 461 560 523 expositione
599 461 692 507 loci
732 462 1101 518 connexionem,
1143 474 1261 519 quae
1289 458 1444 520 primo
1475 460 1658 504 obtutu-

264 558 564 602 nequaquam
611 543 733 598 justa
785 548 835 585 et
881 541 1091 600 legitima
1142 542 1341 587 videtur.
1425 541 1643 599 Namque

269 622 410 666 cardo
440 621 514 665 rei
541 621 594 664 in
624 636 680 665 eo
711 621 938 672 vertitur,
967 631 1021 666 ut
1042 622 1329 678 recorderis,
1359 636 1505 680 quum
1534 636 1644 664 ver-

263 703 328 761 ba
354 716 627 763 praegressa
668 717 729 745 ex
770 701 995 753 auditoris
1036 702 1195 746 animo
1215 717 1217 719 ·
1237 700 1442 759 Luciani
1479 716 1645 745 narra-

266 785 400 829 tione
428 799 602 843 parum
632 781 848 824 delectati
876 771 1182 842 promantur,
1223 796 1350 825 nunc
1377 782 1531 825 verbis
1565 779 1647 828 ὅτι

268 888 329 900 -
359 866 410 909 αἱ
431 861 622 917 νύκτες,
654 861 767 920 quid
796 861 898 922 ipse
928 862 1087 906 animo
1117 868 1322 922 reputet,
1373 860 1649 920 scriptorem

268 943 521 987 declarare.
580 941 650 985 Ut
688 942 804 989 ordo
844 942 922 987 hic
962 943 1046 987 sit:
1109 944 1244 988 Tunc
1278 941 1405 987 alius
1439 940 1649 987 *interlo-

269 1026 453 1087 quitur,
506 1022 754 1068 hibernum
800 1024 1033 1069 somnium
1083 1022 1331 1084 (quoniam
1379 1023 1653 1082 longissime

274 1113 376 1150 tum
409 1104 587 1149 darant
620 1110 777 1148 noctes
810 1104 891 1159 [sc.
921 1102 1006 1146 iste
1036 1103 1178 1147 homo
1209 1102 1372 1162 priora.
1401 1101 1546 1145 verba.
1576 1102 1652 1147 di-

273 1183 456 1241 xerit]).
529 1184 657 1227 Nam
694 1198 1029 1243 saepenumero
1070 1182 1261 1238 accidit,
1300 1190 1355 1226 ut
1386 1181 1504 1226 alius
1542 1197 1654 1226 ora-

273 1262 394 1309 tioni
425 1261 627 1320 scriptor
655 1278 739 1305 sua
769 1263 913 1307 verba
944 1262 1194 1321 derepente
1233 1262 1510 1320 interjiciat,
1553 1264 1652 1307 sive
1719 1258 1721 1261 ¹

271 1341 583 1401 Participium
616 1341 824 1401 aliquod,
856 1342 983 1401 quod
1005 1341 1356 1399 creberrimum,
1386 1342 1498 1397 sive,
1529 1342 1654 1402 quod

260 1414 361 1468 vnec
412 1423 571 1482 ipsum
621 1421 724 1465 sine
772 1423 989 1482 exemplo
1041 1431 1135 1478 est,
1192 1422 1426 1482 particula
1477 1424 1657 1468 transi-

274 1512 379 1548 tum
408 1510 545 1563 paret
575 1510 622 1546 et
650 1510 904 1562 utrumque
936 1504 1135 1562 copulet.
1212 1503 1425 1548 Plurima
1456 1502 1533 1547 hic
1563 1503 1657 1549 loci

276 1585 441 1628 lubens
473 1583 817 1642 praetermitto:
849 1598 999 1626 unum
1031 1584 1187 1641 seligo,
1218 1599 1317 1627 non
1338 1583 1449 1627 satis
1481 1585 1656 1645 quippe

279 1663 546 1721 integrum,
602 1664 806 1706 Luciani
849 1663 925 1707 De
976 1663 1184 1707 Merced.
1224 1662 1452 1707 Conduct.
1498 1678 1538 1707 c.
1584 1678 1657 1709 20.

276 1739 462 1803 Ἀρκεῑν
493 1738 578 1789 οὖν
605 1744 804 1802 νομίζω,
846 1745 891 1789 εἰ
916 1742 987 1803 μή
1018 1739 1145 1789 πάνυ
1174 1740 1350 1794 ἄσωτος
1379 1742 1448 1799 εἴ,
1485 1741 1658 1791 τοσόν-

278 1822 331 1870 δε
360 1841 407 1870 τι
437 1822 607 1882 (εἰπών
648 1822 897 1886 ἐλάχιστον
937 1824 1013 1869 καὶ
1042 1820 1251 1882 μάλιστα
1290 1822 1412 1883 πρός
1449 1823 1534 1875 τοὶς
1572 1823 1658 1877 σοῖς

274 1905 458 1955 ἐκείνας
487 1903 715 1963 ἐλπίδας).
772 1902 900 1948 Nam
929 1902 996 1947 ita
1025 1902 1145 1957 illic,
1176 1918 1274 1948 non
1304 1903 1428 1948 sicut
1463 1903 1517 1947 in
1550 1904 1655 1948 edi-

278 1984 484 2029 tionibus
514 1983 750 2040 latinaque
791 1983 1009 2028 versione
1048 1983 1226 2026 factum
1259 1983 1426 2038 video,
1472 1984 1659 2027 incida-

282 2071 363 2107 tur
410 2067 600 2105 necesse
646 2068 729 2105 est.
819 2063 948 2106 Tum
1001 2061 1265 2120 insequenti
1319 2062 1656 2109 enuntiationis
1704 2068 1706 2070 ’

279 2150 416 2203 parte
462 2141 742 2198 Augustano
795 2140 943 2185 codici
992 2139 1088 2192 οἷός
1133 2140 1220 2201 ἔτερ
1275 2142 1454 2200 vulgati
1506 2139 1654 2205 ὥςπερ

278 2223 384 2269 loco
420 2222 610 2267 testanti
639 2230 747 2265 veto
782 2222 1057 2266 auscultari:
1103 2222 1245 2269 tenui
1278 2231 1507 2267 commate
1549 2233 1659 2284 apte

280 2305 433 2349 locato
466 2302 762 2347 subveneris:
816 2301 850 2359 ἢ
879 2299 1003 2364 τοῖχοι
1046 2318 1140 2348 που
1175 2302 1458 2362 τριέσπερος,
1510 2300 1657 2365 ὥςπερ

283 2380 311 2430 o‘
340 2383 597 2445 Ἡρακλῆς,
629 2382 708 2427 καὶ
740 2377 880 2433 αὑτός
910 2387 1022 2428 ἐστι.
1084 2382 1335 2427 Contraxit
1355 2384 1520 2429 vitium
1538 2386 1659 2428 Luc.

281 2463 475 2511 Parasit.
519 2479 559 2507 c.
596 2476 663 2506 12.
706 2464 748 2507 εἰ
786 2458 881 2522 μὲν
921 2458 1009 2507 οὖν
1048 2458 1157 2522 παρ’
1198 2462 1344 2511 ἄλλον
1383 2464 1439 2510 τό
1485 2457 1656 2523 φαγεῖν

280 2545 401 2603 ἔχει,
448 2539 705 2605 παράσιτός
742 2545 842 2589 ἐστι
880 2543 960 2589 καὶ
996 2539 1079 2605 οὐχ
1117 2540 1176 2595 αἶς
1205 2544 1342 2604 λέγει.
1401 2544 1652 2590 Jacobsim

276 2637 402 2682 pone
449 2624 505 2671 R.
544 2624 742 2668 Porsoni
790 2622 1078 2674 Adversaria
1126 2639 1174 2684 p.
1218 2639 1324 2685 299.
1369 2622 1656 2683 suspicatur?

274 2705 472 2756 ἐστιν,
516 2706 569 2750 εἰ
610 2705 706 2750 καὶ
745 2701 936 2755 ἄλλως
973 2704 1111 2764 λέγει.
1187 2706 1259 2753 At
1294 2704 1443 2748 multo
1474 2705 1649 2748 vesle-
