1772 3236
718 150 790 182 ’-
846 129 914 201 444
960 172 1020 185 -

194 271 262 316 ita
278 271 400 321 .-il11·c,
415 271 536 314 licet
565 268 799 314 universis
827 271 984 326 libris,
1015 273 1142 330 quod
1165 270 1329 327 teiam,
1354 271 1410 319 in
1426 272 1558 321 ‘illud

192 349 590 409 conspirantibus:
625 348 817 403 τούτους
847 341 962 399 εἶναι
990 350 1096 404 τοὺς
1124 351 1202 399 καὶ
1229 350 1289 398 τά
1302 382 1304 386 ,
1319 349 1449 413 μύρα
1474 352 1559 399 πί·-

188 446 389 485 νοντας,
419 430 448 477 ὃ
479 432 577 478 καὶ
605 429 868 491 μάλιστα
898 433 1176 492 διέσυρεν
1207 428 1425 486 αὐτῶν,
1467 428 1560 477 ὅτι

185 509 312 570 μηδὲ
340 511 549 572 χρῆσθαι
570 512 696 556 ἴσασι
721 520 825 563 ταῖς
854 513 1148 574 ἐπιθυμίαις,
1176 509 1294 566 α’λλὲοὶ
1325 507 1416 559 κοῖν
1444 508 1562 564 ‘cati-2

188 606 293 639 ταις
321 591 654 649 παρανομοῦσι
692 593 774 637 καὶ
801 591 912 641 τούς
952 582 1381 652 ὅρουςῆσυγχέουσι.
1411 590 1560 635 nihilo

191 669 346 713 secius
388 677 550 715 tamen
591 685 791 729 reponas
831 673 1040 728 oportet,
1083 671 1208 729 quod
1229 671 1563 730 ,pridemcen-

188 749 397 794 suimus:
456 750 556 795 καὶ
585 749 615 793 ὃ
641 745 851 807 μάλιστα
880 747 1087 807 διέσυρεν
1116 744 1286 796 αὐτῶν.
1340 750 1564 795 Eundem

186 844 398 875 errorem
430 822 714 889 Rudo'lphus
741 828 942 872 incurrit
972 828 1029 872 de
1057 829 1221 875 Nostri
1249 829 1312 888 Q
1330 831 1397 875 H.
1429 831 1476 874 S.
1506 831 1564 875 C.

187 927 226 956 c.
248 910 322 953 42.
352 909 433 955 καὶ
461 904 628 966 ἐπάγει
656 907 711 954 τό
733 905 966 968 χρήσιμον
994 899 1073 954 καὶ
1103 908 1134 954 ὅ
1163 909 1294 961 τέλος
1321 909 1385 957 ἄν
1404 898 1562 960 τις-εὗ

188 989 370 1049 φρονῶν
406 985 642 1035 ὕπ’όθοιτο
679 987 908 1047 ἱστορίας,
949 984 1033 1041 οἷς,
1076 988 1126 1034 εἴ
1147 1005 1263 1036 ποτε
1303 988 1384 1035 καὶ
1420 985 1563 1039 αὖθις

185 1068 246 1115 ‘tot'
276 1066 422 1129 ὅμοια
462 1065 749 1126 καταλάβοι,
787 1072 965 1128 ἔχοιεν,
1008 1068 1149 1125 φησί,
1187 1067 1315 1126 πρὸς·
1341 1068 1400 1115 τα“
1442 1085 1562 1127 προ-

188 1147 500 1210 γεγραμμένα
528 1143 882 1207 ἀποβλέποντες
911 1142 962 1193 εὖ
989 1147 1199 1208 χρῆσθαι
1224 1157 1322 1199 τοῖς
1350 1152 1404 1196 ἐν
1433 1147 1560 1195 ποσί.

181 1228 360 1278 ,Voluit
390 1227 420 1274 ὃ
448 1228 549 1273 καὶ
575 1227 706 1278 τέλος
733 1252 807 1271 -.
875 1226 1030 1281 Vide,
1068 1227 1110 1270 si
1152 1242 1296 1287 opus,
1333 1230 1561 1274 Reizium

188 1306 247 1351 de
275 1307 438 1352 inclin.
474 1314 649 1369 accent.
673 1322 720 1366 p.
762 1320 834 1364 27.
874 1314 997 1365 etp.
1028 1321 1084 1365 97
1115 1322 1184 1365 sq.
1242 1308 1331 1350 Sed
1372 1308 1425 1362 in
1465 1308 1559 1352 Ni*-

187 1386 314 1445 grini
354 1387 458 1431 loco
497 1386 657 1445 priore
710 1385 839 1430 aliud
877 1388 1051 1430 vulnus
1100 1385 1334 1430 inflictum
1382 1386 1558 1441 haeret.

186 1467 377 1512 Scilicet
417 1467 556 1525 vulgo
602 1465 701 1510 illic
745 1476 984 1527 comparet
1021 1466 1362 1525 Conjunctivus
1407 1483 1561 1526 μετα-

185 1543 518 1608 λαμβάνωσι,
549 1547 682 1606 cujus
711 1547 814 1591 loco
846 1547 969 1606 quod
997 1547 1196 1591 editores
1228 1546 1559 1595 infirmissimis

187 1626 407 1671 subsidiis
448 1636 495 1672 et
524 1629 700 1673 Solemo
729 1628 934 1672 obsecuti
978 1627 1206 1671 dederunt
1241 1624 1560 1686 μεταλαμβά-

186 1724 382 1762 νουσι,
425 1708 481 1752 e&
518 1723 572 1752 re
613 1708 770 1752 locum
810 1708 1092 1753 soloecismo
1130 1715 1381 1753 onerarunt
1419 1706 1556 1750 foedo

184 1796 232 1832 et
272 1788 432 1846 gravi:
492 1804 603 1831 nam
633 1786 707 1833 ὅτι
745 1785 838 1844 ου’,
878 1804 975 1833 non
1012 1786 1088 1834 ὅτι
1122 1786 1200 1847 μή
1243 1785 1556 1845 requisiveris.

179 1870 296 1915 Non
324 1869 489 1927 ignoro
520 1868 758 1927 equidem,
798 1870 1063 1914 Lucianum
1103 1867 1343 1912 interdum
1380 1868 1421 1913 si
1458 1882 1555 1912 non

177 1948 466 2009 promiscue,
498 1957 547 1993 at
574 1950 641 1992 sic
672 1945 729 1995 ου’
760 1956 806 1992 et
833 1946 903 2009 μή
932 1949 1191 2002 collocasse,
1219 1955 1285 1990 ut*
1303 1947 1415 2006 quid
1444 1948 1554 1992 fue-

178 2029 246 2072 rit
275 2036 474 2081 secutus,
504 2022 839 2088 perobscurum
869 2029 942 2084 sit,
973 2029 1030 2072 de
1060 2043 1153 2086 quo
1179 2041 1348 2085 genere
1376 2027 1554 2082 dubito,

180 2123 246 2153 an
267 2109 390 2153 ullus
416 2108 476 2152 sit
494 2108 778 2152 luculentior
792 2108 938 2164 locus,
970 2123 1109 2166 quam
1120 2107 1196 2151 De
1216 2091 1375 2151 saltat.
1396 2122 1435 2150 c.
1457 2108 1550 2166 75„
1592 2124 1594 2126 ’

176 2189 263 2234 ubi
291 2189 345 2232 in
375 2187 540 2233 eodem
569 2197 842 2246 argumento
876 2185 999 2249 μήτε
1028 2182 1093 2222 -’
1114 2183 1237 2248 μήτε
1266 2210 1325 2222 -
1354 2185 1460 2234 οὔτε
1487 2212 1548 2222 -

180 2269 288 2316 οὔτε
319 2269 569 2328 reperitur,
600 2268 679 2311 sed
703 2284 883 2320 meam,
914 2268 1290 2335 quamlLuyciani
1316 2268 1550 2323 inscitiam

177 2347 394 2394 incusare
424 2349 566 2392 malo.
628 2347 702 2392 Cf.
735 2348 1043 2412 Schaeserjum
1072 2347 1129 2391 ad
1151 2347 1390 2392 Demosth.
1421 2350 1481 2392 T.
1507 2349 1546 2403 I,

176 2441 225 2487 p.
257 2428 360 2486 529.
414 2430 528 2474 Huc
559 2427 759 2485 accedit,
788 2427 914 2487 quod
944 2428 1309 2487 Conjunctivum
1346 2444 1445 2472 non
1472 2436 1545 2478 te-v

175 2523 309 2553 mere
337 2506 652 2564 immiserunt‚
694 2509 775 2553 sed
815 2509 1043 2553 destinato
1073 2510 1266 2554 consilio
1303 2508 1412 2553 libri
1442 2508 1546 2566 ple-

172 2588 314 2648 rique
354 2602 512 2634 omnes
549 2590 770 2642 videntur
816 2598 1087 2636 sustentare.
1154 2590 1244 2636 His
1283 2587 1543 2633 rationibus

174 2669 343 2715 cedens
364 2667 600 2727 conjicio:
659 2670 734 2720 ὅτι
763 2667 827 2719 οὐ
855 2670 935 2733 μή
965 2673 1045 2720 καὶ
1071 2669 1162 2731 τήν
1193 2667 1362 2728 σκευήν
1391 2686 1541 2729 μετα-
1569 2678 1573 2681 ’
