1772 3236
720 189 1007 233 —37—

166 304 299 360 cendi
327 304 572 365 generibus
599 305 809 364 apposite
838 306 1085 352 dissereret
1100 311 1120 362 ,‘
1156 307 1215 351 ad
1247 306 1370 351 Luc.
1405 306 1463 351 Τ.
1492 307 1531 353 Ι.

163 401 213 444 p.
241 401 351 443 171.,
367 386 491 429 illius
506 385 653 443 ipsius
680 382 771 425 loci
789 384 1066 428 sententiam
1085 401 1182 428 non
1199 387 1361 444 magis,
1386 402 1529 445 quam

0 487 10 506 ι
163 465 330 523 reliqui
370 465 670 519 interpretes,
711 460 833 507 ullus
865 470 933 505 est
973 471 1263 520 assequutus.
1353 466 1411 508 In
1438 467 1528 510 Ti-

164 558 305 589 mone
335 541 460 585 enim
492 553 532 581 c.
563 540 637 584 55.
659 540 792 583 'inter
821 540 937 596 alia,
966 557 1085 600 quae
1102 541 1277 586 Timon
1307 558 1530 588 accumu-

162 622 265 667 lans
294 622 346 664 in
363 618 685 677 Thrasyclem,
715 618 1066 681 philosophum,
1097 621 1176 664 sed
1204 623 1406 681 pessime
1422 638 1533 667 mo-

161 706 336 755 ratum,
367 698 620 753 invehitur,
644 700 784 744 etiam
813 700 904 746 hoe
932 700 1161 761 reperias:
1191 703 1531 763 Μεμψίμοιρος

162 778 262 835 οἷεί,
293 777 353 831 αἷς
382 779 468 826 τόν
496 780 767 827 πλακοῦντα
797 777 913 828 ὅλον
942 779 976 840 ἢ
1012 781 1101 829 τόν
1136 781 1222 829 οὖν
1255 779 1406 841 μόνος
1435 783 1530 830 τῶν

157 860 316 908 ἄλλων
357 856 519 918 λα’βοι,
558 857 607 914 ὅ,
650 877 701 905 τι
741 876 845 919 περ
888 861 1162 922 λιχνείας
1199 857 1531 921 καὶροἷπλη-

160 941 254 988 στί
265 957 331 990 ας
363 937 600 996 ὄφελος,
640 940 848 999 μέθυσος
876 940 958 986 καὶ
985 938 1228 999 πάροινος,
1270 936 1355 987 οὐκ
1394 939 1529 1002 οἴχρις

157 1015 278 1081 ᾠδῆς
307 1018 385 1064 καὶ
415 1013 664 1078 ὀρχηστύος
692 1016 873 1077 μόνον,
915 1014 1039 1064 οἷλλοὶ
1070 1019 1150 1065 καὶ
1180 1018 1413 1078 λοιδορίας
1442 1020 1523 1066 καὶ

156 1095 296 1158 ὀργῆς
325 1097 523 1154 προςέτι.
595 1097 689 1141 Vir
719 1097 1009 1141 doctissimus
1039 1106 1085 1140 et
1121 1098 1221 1156 ipse
1251 1106 1525 1143 controver-

158 1193 231 1223 sas
263 1191 397 1222 voces
428 1190 536 1220 cum
564 1176 835 1235 praegressa
856 1175 1067 1237 placenta
1087 1183 1132 1221 et
1160 1191 1302 1236 porco
1321 1177 1524 1236 conjun-

159 1258 253 1310 xit,
296 1256 424 1314 quasi
461 1254 511 1299 hi
542 1255 633 1299 cibi
680 1256 948 1302 dicerentur
998 1257 1230 1302 delicatuli
1260 1272 1525 1316 coenaeque

159 1343 511 1388 ornamentum,
541 1334 888 1396 intellectoque,
918 1352 1016 1385 non
1046 1336 1111 1384 sic
1132 1336 1241 1381 satis
1261 1336 1419 1381 sensui
1447 1336 1524 1387 fa·-

159 1427 287 1463 ctum
317 1430 426 1468 esse,
461 1412 494 1473 ἢ
523 1411 577 1469 ὅ,
607 1432 654 1460 τι
682 1432 769 1475 περ
800 1418 1113 1475 conjecturam
1142 1417 1398 1476 proposuit.
1456 1417 1525 1462 At

155 1514 271 1544 vero
301 1495 534 1555 pertinent
563 1495 677 1539 haec
708 1496 851 1540 verba
882 1497 941 1540 ad
970 1496 1328 1555 descriptionem
1360 1497 1523 1543 Thra—

151 1579 292 1640 syclis
322 1577 493 1634 ipsius,
524 1583 688 1634 utpote
717 1576 857 1624 etiam
892 1577 1206 1632 voracissimi,
1237 1575 1374 1620 sicuti
1408 1583 1518 1619 ante

155 1659 281 1703 idem
311 1655 441 1699 audit
468 1655 790 1717 μεμψίμοιρος
821 1665 866 1701 et
894 1666 998 1717 post
1026 1657 1236 1719 μέθυσος
1253 1657 1332 1703 καὶ
1353 1653 1522 1715 ποῖροι-

156 1756 254 1790 νος.
313 1738 482 1783 Verte:
528 1737 662 1781 homo
698 1738 972 1784 insatiabili
1002 1740 1264 1786 voracitate
1296 1739 1520 1796 princeps

157 1829 263 1865 ante
296 1818 419 1861 alios
449 1831 617 1867 omnes,
647 1815 734 1865 vel,
768 1816 914 1872 hujus
938 1819 1059 1862 artis
1081 1819 1231 1862 cultor
1249 1815 1516 1876 perfectis-

155 1901 311 1944 simus.
374 1894 611 1951 Subjungo
651 1893 770 1936 Luc.
801 1894 876 1937 De
907 1881 1176 1954 Gymnasiis
1208 1909 1247 1937 c.
1286 1895 1351 1938 16.
1388 1891 1426 1951 ἦ
1462 1893 1516 1939 δὲ

154 1975 249 2037 ὥρα
277 1975 361 2022 τοῦ
392 1978 546 2029 ἔτους,
588 1969 661 2018 ὅτι
701 1990 787 2032 περ
826 1972 881 2019 τὸ
912 1971 1265 2034 πυρωδέστατόν
1295 1976 1394 2018 ἐστι
1434 1972 1517 2018 τοῦ

151 2053 364 2116 οἷστὲρος,
396 2054 454 2101 ὃν
484 2050 621 2112 ’ὕμεῖς
649 2051 761 2099 κύνα
783 2052 926 2111 φατέ,
957 2051 1117 2101 πάντα
1146 2052 1518 2112 καταφλέγοντος

153 2138 233 2184 καὶ
271 2135 357 2183 τόν
397 2130 511 2194 οἷέρα
550 2132 689 2192 ξηρόν
730 2134 807 2178 καὶ
836 2133 1008 2192 διακαῆ
1037 2134 1266 2194 τιθέντος.
1343 2131 1517 2178 Pelleta·

152 2218 462 2276 conjecturam
492 2210 579 2259 ὅτε
609 2230 695 2271 περ
726 2213 895 2271 probat
922 2216 1139 2261 Reitzias
1149 2234 1166 2270 3
1215 2226 1359 2275 quam
1399 2209 1511 2254 infi„

154 2305 252 2340 cete
286 2298 518 2342 Gesner-us
550 2293 772 2338 reddidit:
828 2294 1079 2355 Tempus
1121 2303 1307 2339 autem
1352 2285 1508 2343 anni,

152 2393 297 2438 quae
331 2373 777 2433 fervidi-mima
816 2390 966 2434 Pars
1012 2382 1098 2419 est
1149 2372 1330 2422 astri,
1386 2370 1513 2431 quod

153 2446 419 2501 canit-idam
447 2455 625 2499 vocatis
654 2477 728 2496 —-.
790 2452 1003 2513 Quippe:
1049 2467 1146 2495 non
1175 2450 1301 2493 enim
1330 2448 1513 2508 singula

152 2536 261 2579 satis
275 2533 586 2594 explorarant.
627 2532 890 2577 Cohaerent
900 2531 1125 2578 vocabula
1136 2527 1168 2589 ἤ
1183 2527 1277 2590 ὥρα
1288 2530 1372 2577 τοῦ
1379 2534 1511 2580 ἔτους

152 2612 206 2668 ὅ,
236 2632 282 2660 τι
309 2631 395 2674 περ
424 2611 478 2658 τό
509 2611 863 2670 πυρωδέστατόν
892 2615 1012 2667 ἔστι,
1045 2618 1146 2655 tum
1175 2611 1256 2655 illa
1271 2611 1355 2658 τοῦ
1373 2606 1508 2656 ἄστε’-

152 2710 229 2751 ρος
259 2718 313 2728 -
344 2692 716 2760 καταφλέγοντος
744 2717 804 2748 e-
832 2692 1048 2743 τιθὲντος
1068 2691 1280 2738 Genitivi
1298 2699 1405 2736 sunt
1421 2689 1510 2733 ab·

0 3131 311 3236 Ι,
